<record><leader>00000cas a22000007a 4500</leader><controlfield tag="001">11890825</controlfield><controlfield tag="008">850408d19811986mduwn ne      0   a0eng d</controlfield><datafield ind1=" " ind2=" " tag="010"><subfield code="a">sn 85009838 </subfield></datafield><datafield ind1=" " ind2=" " tag="040"><subfield code="a">NSD</subfield><subfield code="b">eng</subfield><subfield code="c">NSD</subfield><subfield code="d">MFN</subfield><subfield code="d">OCLCQ</subfield></datafield><datafield ind1="1" ind2=" " tag="022"><subfield code="a">8750-894X</subfield><subfield code="l">8750-894X</subfield><subfield code="2">1</subfield></datafield><datafield ind1=" " ind2=" " tag="037"><subfield code="b">The Clinton Times, 8855 Woodyard Rd., Clinton, Md. 20735</subfield></datafield><datafield ind1=" " ind2=" " tag="042"><subfield code="a">nsdp</subfield></datafield><datafield ind1=" " ind2="4" tag="222"><subfield code="a">The Clinton times</subfield></datafield><datafield ind1="0" ind2="4" tag="245"><subfield code="a">The Clinton times.</subfield></datafield><datafield ind1="1" ind2="7" tag="246"><subfield code="a">Times</subfield></datafield><datafield ind1=" " ind2=" " tag="260"><subfield code="a">Clinton, Md. :</subfield><subfield code="b">Clinton Times</subfield></datafield><datafield ind1=" " ind2=" " tag="310"><subfield code="a">Weekly, except end of Dec.</subfield></datafield><datafield ind1="0" ind2=" " tag="362"><subfield code="a">Vol. 1, no. 1 (Sept. 10, 1981)-v. 5, no. 20 (Jan. 30, 1986).</subfield></datafield><datafield ind1=" " ind2=" " tag="752"><subfield code="a">United States</subfield><subfield code="b">Maryland</subfield><subfield code="c">Prince George's</subfield><subfield code="d">Clinton.</subfield></datafield><datafield ind1="0" ind2="0" tag="785"><subfield code="t">South county times</subfield><subfield code="w">(DLC)sn 90057056</subfield></datafield><datafield ind1=" " ind2=" " tag="936"><subfield code="a">Mar. 1, 1985</subfield></datafield></record>